@article{please_stop,
 	title={Please {S}top {E}xplaining {B}lack {B}ox {M}odels for {H}igh {S}takes {D}ecisions and {U}se {I}nterpretable {M}odels {I}nstead},
 	author={Rudin, Cynthia},
	note={URL: \url{https://arxiv.org/pdf/1811.10154.pdf}},
	journal={arXiv preprint arXiv:1811.10154},
	year={2018}}

@inproceedings{feldman2015certifying,
	title={Certifying and {R}emoving {D}isparate {I}mpact},
	author={Feldman, Michael and Friedler, Sorelle A. and Moeller, John and Scheidegger, Carlos and Venkatasubramanian, Suresh},
	booktitle={Proceedings of the 21\textsuperscript{st} ACM SIGKDD International Conference on Knowledge Discovery and Data Mining},
	pages={259--268},
	year={2015},
	organization={ACM},
	note={URL: \url{https://arxiv.org/pdf/1412.3756.pdf}}}

@inproceedings{dwork2012fairness,
	title={Fairness {T}hrough {A}wareness},
	author={Dwork, Cynthia and Hardt, Moritz and Pitassi, Toniann and Reingold, Omer and Zemel, Richard},
	booktitle={Proceedings of the 3rd Innovations in Theoretical Computer Science Conference},
	pages={214--226},
	year={2012},
	organization={ACM},
	note={URL: \url{https://arxiv.org/pdf/1104.3913.pdf}}}

@inproceedings{gender_shades,
	title={Gender {S}hades: {I}ntersectional {A}ccuracy {D}isparities in {C}ommercial {G}ender {C}lassification},
	author={Buolamwini, Joy and Gebru, Timnit},
	booktitle={Conference on Fairness, Accountability and Transparency},
	pages={77--91},
	year={2018},
	note={URL: \url{http://proceedings.mlr.press/v81/buolamwini18a/buolamwini18a.pdf}}}

@article{security_of_ml,
	title={The {S}ecurity of {M}achine {L}earning},
	author={Barreno, Marco and Nelson, Blaine and Joseph, Anthony D. and Tygar, J.D.},
	journal={Machine Learning},
	volume={81},
	number={2},
	pages={121--148},
	year={2010},
	publisher={Springer},
	note={URL: \url{http://people.ischool.berkeley.edu/~tygar/papers/SML/sec_mach_learn_journal.pdf}}}

@inproceedings{model_stealing,
	title={Stealing {M}achine {L}earning {M}odels via {P}rediction {A}{P}{I}s},
	author={Tram{\`e}r, Florian and Zhang, Fan and Juels, Ari and Reiter, Michael K. and Ristenpart, Thomas},
	booktitle={25th $\{$USENIX$\}$ Security Symposium ($\{$USENIX$\}$ Security 16)},
	pages={601--618},
	year={2016},
	note={URL: \url{https://www.usenix.org/system/files/conference/usenixsecurity16/sec16_paper_tramer.pdf}}}

@inproceedings{membership_inference,
 	title={Membership {I}nference {A}ttacks {A}gainst {M}achine {L}earning {M}odels},
 	author={Shokri, Reza and Stronati, Marco and Song, Congzheng and Shmatikov, Vitaly},
 	booktitle={2017 IEEE Symposium on Security and Privacy (SP)},
 	pages={3--18},
 	year={2017},
 	organization={IEEE},
	note={URL: \url{https://arxiv.org/pdf/1610.05820.pdf}}}

@article{shokri2019privacy,
	title={Privacy {R}isks of {E}xplaining {M}achine {L}earning {M}odels},
	author={Shokri, Reza and Strobel, Martin and Zick, Yair},
	journal={arXiv preprint arXiv:1907.00164},
	year={2019},
	note={URL: \url{https://arxiv.org/pdf/1907.00164.pdf}}}

@book{ff_interpretability,
	author={Williams, Mike and others},
	title={Interpretability},
	publisher={Fast Forward Labs},
	year={2017},
	note={URL: \url{https://www.cloudera.com/products/fast-forward-labs-research.html}}}

@incollection{friedman1979tree,
	title={A {T}ree-structured {A}pproach to {N}onparametric {M}ultiple {R}egression},
	author={Friedman, Jerome H.},
	booktitle={Smoothing Techniques for Curve Estimation},
	pages={5--22},
	year={1979},
	publisher={Springer},
	note={URL: \url{http://inspirehep.net/record/140963/files/slac-pub-2336.pdf}}}

@article{friedman1991multivariate,
	title={Multivariate {A}daptive {R}egression {S}plines},
	author={Friedman, Jerome H. and others},
	journal={The Annals of Statistics},
	volume={19},
	number={1},
	pages={1--67},
	year={1991},
	publisher={Institute of Mathematical Statistics},
	note={URL: \url{https://projecteuclid.org/download/pdf_1/euclid.aos/1176347963}}}

@misc{hmda,
  title={Mortgage data ({H}{M}{D}{A})},
  howpublished={\url{https://www.consumerfinance.gov/data-research/hmda/}},
  note={Accessed: 2020-02-24}}

@article{friedman2001greedy,
	title={Greedy {F}unction {A}pproximation: a {G}radient {B}oosting {M}achine},
	author={Friedman, Jerome H.},
	journal={The Annals of Statistics},
	pages={1189--1232},
	year={2001},
	publisher={JSTOR},
	note={URL: \url{https://projecteuclid.org/download/pdf_1/euclid.aos/1013203451}}}

@book{esl,
	Address={New York},
	Author={Jerome H. Friedman and Trevor Hastie and Robert Tibshirani},
	Booktitle={\textit{The Elements of Statistical Learning}},
	Publisher={Springer},
	Title={\textbf{The Elements of Statistical Learning}},
	note={URL: \url{https://web.stanford.edu/~hastie/ElemStatLearn/printings/ESLII\_print12.pdf}},
	Year={2001}}

@inproceedings{recht2011hogwild,
	title={{H}{O}{G}{W}{I}{L}{D}: {A} {L}ock-free {A}pproach to {P}arallelizing {S}tochastic {G}radient {D}escent},
	author={Recht, Benjamin and Re, Christopher and Wright, Stephen and Niu, Feng},
	booktitle={Advances in Neural Information Processing Systems (NIPS)},
	pages={693--701},
	year={2011},
	note={URL: \url{https://papers.nips.cc/paper/4390-hogwild-a-lock-free-approach-to-parallelizing-stochastic-gradient-descent.pdf}}}

@article{hinton2012improving,
	title={Improving {N}eural {N}etworks by {P}reventing {C}o-adaptation of {F}eature {D}etectors},
	author={Hinton, Geoffrey E. and Srivastava, Nitish and Krizhevsky, Alex and Sutskever, Ilya and Salakhutdinov, Ruslan R.},
	journal={arXiv preprint arXiv:1207.0580},
	year={2012},
	note={URL: \url{https://arxiv.org/pdf/1207.0580.pdf}}}

@inproceedings{sutskever2013importance,
	title={On the {I}mportance of {I}nitialization and {M}omentum in {D}eep {L}earning},
	author={Sutskever, Ilya and Martens, James and Dahl, George and Hinton, Geoffrey},
	booktitle={International Conference on Machine Learning},
	pages={1139--1147},
	year={2013},
	note={URL: \url{http://proceedings.mlr.press/v28/sutskever13.pdf}}}

@article{zeiler2012adadelta,
	title={{A}{D}{A}{D}{E}{L}{T}{A}: {A}n {A}daptive {L}earning {R}ate {M}ethod},
	author={Zeiler, Matthew D.},
	journal={arXiv preprint arXiv:1212.5701},
	year={2012},
	note={URL: \url{https://arxiv.org/pdf/1212.5701.pdf}}}

@article{fair_washing,
	title={Fairwashing: {T}he {R}isk of {R}ationalization},
	author={A{\"\i}vodji, Ulrich and Arai, Hiromi and Fortineau, Olivier and Gambs, S{\'e}bastien and Hara, Satoshi and Tapp, Alain},
	journal={arXiv preprint arXiv:1901.09749},
	year={2019},
	note={URL: \url{https://arxiv.org/pdf/1901.09749.pdf}}}

@article{scaffolding,
	title={{F}ooling {L}{I}{M}{E} and {S}{H}{A}{P}: {A}dversarial {A}ttacks on {P}ost-hoc {E}xplanation {M}ethods},
	author={Dylan Slack and Sophie Hilgard and Emily Jia and Sameer Singh and Himabindu Lakkaraju},
	journal={arXiv preprint arXiv:1911.02508},
	year={2019},
	note={URL: \url{https://arxiv.org/pdf/1911.02508.pdf}}}

@article{wf_xnn,
	title={Explainable {N}eural {N}etworks {B}ased on {A}dditive {I}ndex {M}odels},
	author={Vaughan, Joel and Sudjianto, Agus and Brahimi, Erind and Chen, Jie and Nair, Vijayan N.},
	journal={arXiv preprint arXiv:1806.01933},
	note={URL: \url{https://arxiv.org/pdf/1806.01933.pdf}},
	year={2018}}

@article{yang2019enhancing,
	title={Enhancing {E}xplainability of {N}eural {N}etworks {T}hrough {A}rchitecture {C}onstraints},
	author={Yang, Zebin and Zhang, Aijun and Sudjianto, Agus},
	journal={arXiv preprint arXiv:1901.03838},
	year={2019},
	note={URL: \url{https://arxiv.org/pdf/1901.03838.pdf}}}

@article{ice_plots,
	Author={Alex Goldstein and Adam Kapelner and Justin Bleich and Emil Pitkin},
	Journal={Journal of Computational and Graphical Statistics},
	Number={1},
	Title={Peeking {I}nside the {B}lack {B}ox: {V}isualizing {S}tatistical {L}earning with {P}lots of {I}ndividual {C}onditional {E}xpectation},
	Volume={24},
	Year={2015},
	note={URL: \url{https://arxiv.org/pdf/1309.6392.pdf}}}

@incollection{shapley,
	title={A {U}nified {A}pproach to {I}nterpreting {M}odel {P}redictions},
	author={Lundberg, Scott M. and Lee, Su-In},
	booktitle={Advances in Neural Information Processing Systems (NIPS)},
	editor={I. Guyon and U. V. Luxburg and S. Bengio and H. Wallach and R. Fergus and S. Vishwanathan and R. Garnett},
	pages={4765--4774},
	year={2017},
	publisher={Curran Associates, Inc.},
	note={URL: \url{http://papers.nips.cc/paper/7062-a-unified-approach-to-interpreting-model-predictions.pdf}}}

@incollection{tree_shap,
	title={Consistent {I}ndividualized {F}eature {A}ttribution for {T}ree {E}nsembles},
	author={Lundberg, Scott M. and Erion, Gabriel G. and Lee, Su-In},
	booktitle={Proceedings of the 2017 ICML Workshop on Human Interpretability in Machine Learning (WHI 2017)},
	pages={15--21},
	editor={Been Kim and Dmitry M. Malioutov and Kush R. Varshney and Adrian Weller},
	year={2017},
	note={URL: \url{https://openreview.net/pdf?id=ByTKSo-m-}},
	publisher={ICML WHI 2017},
	organization={ICML}}

@book{cohen1988statistical,
	title={\textbf{Statistical {P}ower {A}nalysis for the {B}ehavioral {S}ciences}},
	author={Cohen, Jacob},
	year={1988},
	publisher={Lawrence Erlbaum Associates},
	note={URL: \url{http://www.utstat.toronto.edu/~brunner/oldclass/378f16/readings/CohenPower.pdf}}}

@article{cohen1992power,
	title={A {P}ower {P}rimer.},
	author={Cohen, Jacob},
	journal={Psychological Bulletin},
	volume={112},
	number={1},
	pages={155},
	year={1992},
	publisher={American Psychological Association},
	note={URL: \url{https://www.ime.usp.br/~abe/lista/pdfn45sGokvRe.pdf}}}

@inproceedings{zafar2017fairness,
	title={Fairness {B}eyond {D}isparate {T}reatment \& {D}isparate {I}mpact: {L}earning {C}lassification {W}ithout {D}isparate {M}istreatment},
	author={Zafar, Muhammad Bilal and Valera, Isabel and Gomez Rodriguez, Manuel and Gummadi, Krishna P.},
	booktitle={Proceedings of the 26th International Conference on World Wide Web},
	pages={1171--1180},
	year={2017},
	organization={International World Wide Web Conferences Steering Committee},
	note={URL: \url{https://arxiv.org/pdf/1610.08452.pdf}}}

@inproceedings{ga2m,
	title={Accurate {I}ntelligible {M}odels with {P}airwise {I}nteractions},
	author={Lou, Yin and Caruana, Rich and Gehrke, Johannes and Hooker, Giles},
	booktitle={Proceedings of the 19th ACM SIGKDD International Conference on Knowledge Discovery and Data Mining},
	pages={623--631},
	year={2013},
	organization={ACM},
	note={URL: \url{http://citeseerx.ist.psu.edu/viewdoc/download?doi=10.1.1.352.7682&rep=rep1&type=pdf}}}

@article{ale_plot,
 	title={Visualizing the {E}ffects of {P}redictor {V}ariables in {B}lack {B}ox {S}upervised {L}earning {M}odels},
 	author={Apley, Daniel W.},
 	journal={arXiv preprint arXiv:1612.08468},
 	year={2016},
	note={URL: \url{https://arxiv.org/pdf/1612.08468.pdf}}}

@book{shapley1988shapley,
	title={\textbf{The Shapley value: {E}ssays in Honor of {L}loyd {S}. {S}hapley}},
	author={Shapley, Lloyd S. and Roth, Alvin E. and others},
	year={1988},
	publisher={Cambridge University Press},
	note={URL: \url{http://www.library.fa.ru/files/Roth2.pdf}}}

@inproceedings{art_and_sci,
	title={On the {A}rt and {S}cience of {M}achine {L}earning {E}xplanations},
	author={Hall, Patrick},
	booktitle={KDD '19 XAI Workshop},
	note={URL: \url{https://arxiv.org/pdf/1810.02909.pdf}},
	year={2019}}

@book{molnar,
	title={\textbf{\textit{{I}nterpretable {M}achine {L}earning}}},
	author={Christoph Molnar},
	publisher={christophm.github.io},
	note={URL: \url{https://christophm.github.io/interpretable-ml-book/}},
	year={2018}}

@article{osdt,
	title={Optimal {S}parse {D}ecision {T}rees},
	author={Hu, Xiyang and Rudin, Cynthia and Seltzer, Margo},
	journal={arXiv preprint arXiv:1904.12847},
	year={2019},
	note={URL: \url{https://arxiv.org/pdf/1904.12847.pdf}}}

@article{rulefit,
	title={Predictive {L}earning {V}ia {R}ule {E}nsembles},
	author={Friedman, Jerome H. and Popescu, Bogdan E. and others},
	journal={The Annals of Applied Statistics},
	volume={2},
	number={3},
	pages={916--954},
	year={2008},
	publisher={Institute of Mathematical Statistics},
	note={URL: \url{https://projecteuclid.org/download/pdfview_1/euclid.aoas/1223908046}}}

@article{lattice,
	title={Monotonic {C}alibrated {I}nterpolated {L}ookup {T}ables},
	author={Gupta, Maya and Cotter, Andrew and Pfeifer, Jan and Voevodski, Konstantin and Canini, Kevin and Mangylov, Alexander and Moczydlowski, Wojciech and Van Esbroeck, Alexander},
	journal={The Journal of Machine Learning Research},
	volume={17},
	number={1},
	pages={3790--3836},
	year={2016},
	publisher={JMLR. org},
	note={URL: \url{http://www.jmlr.org/papers/volume17/15-243/15-243.pdf}}}

@inproceedings{this_looks_like_that,
	title={{T}his {L}ooks {L}ike {T}hat: {D}eep {L}earning for {I}nterpretable {I}mage {R}ecognition},
	author={Chaofan Chen and Oscar Li and Alina Barnett and Jonathan Su and Cynthia Rudin},
	booktitle={Proceedings of Neural Information Processing Systems {(NeurIPS)}},
	year={2019},
	note={URL: \url{https://arxiv.org/pdf/1806.10574.pdf}}}

@article{wilkinson2018visualizing,
	title={Visualizing Big Data Outliers through Distributed Aggregation},
	author={Wilkinson, Leland},
	journal={IEEE Transactions on Visualization \& Computer Graphics},
	year={2018},
	publisher={IEEE},
	note={URL: \url{https://www.cs.uic.edu/~wilkinson/Publications/outliers.pdf}}}

@article{udell2016generalized,
	title={Generalized {L}ow {R}ank {M}odels},
	author={Udell, Madeleine and Horn, Corinne and Zadeh, Reza and Boyd, Stephen and others},
	journal={Foundations and Trends{\textregistered} in Machine Learning},
	volume={9},
	number={1},
	pages={1--118},
	year={2016},
	publisher={Now Publishers, Inc.},
	note={URL: \url{https://www.nowpublishers.com/article/Details/MAL-055}}}

@article{diffprivlib,
	title={{D}iffprivlib: {T}he {I}{B}{M} {D}ifferential {P}rivacy {L}ibrary},
	author={Holohan, Naoise and Braghin, Stefano and Mac Aonghusa, P{\'o}l and Levacher, Killian},
	journal={arXiv preprint arXiv:1907.02444},
	year={2019},
	note={URL: \url{https://arxiv.org/pdf/1907.02444.pdf}}}

@article{ji2014differential,
	title={Differential {P}rivacy and {M}achine {L}earning: {A} {S}urvey and {R}eview},
	author={Ji, Zhanglong and Lipton, Zachary C. and Elkan, Charles},
	journal={arXiv preprint arXiv:1412.7584},
	year={2014},
	note={URL: \url{https://arxiv.org/pdf/1412.7584.pdf}}}

@article{pate,
	title={Scalable {P}rivate {L}earning with {P}{A}{T}{E}},
	author={Papernot, Nicolas and Song, Shuang and Mironov, Ilya and Raghunathan, Ananth and Talwar, Kunal and Erlingsson, {\'U}lfar},
	journal={arXiv preprint arXiv:1802.08908},
	year={2018},
	note={URL: \url{https://arxiv.org/pdf/1802.08908.pdf}}}

@inproceedings{abadi2016deep,
	title={Deep {L}earning with {D}ifferential {P}rivacy},
	author={Abadi, Martin and Chu, Andy and Goodfellow, Ian and McMahan, H Brendan and Mironov, Ilya and Talwar, Kunal and Zhang, Li},
	booktitle={Proceedings of the 2016 ACM SIGSAC Conference on Computer and Communications Security},
	pages={308--318},
	year={2016},
	organization={ACM},
	note={URL: \url{https://arxiv.org/pdf/1607.00133.pdf}}}

@book{book_of_why,
  title={The {B}ook of {W}hy: {T}he {N}ew {S}cience of {C}ause and {E}ffect},
  author={Pearl, Judea and Mackenzie, Dana},
  year={2018},
  publisher={Basic Books},
  note={URL: \url{http://cdar.berkeley.edu/wp-content/uploads/2017/04/Lisa-Goldberg-reviews-The-Book-of-Why.pdf}}
}

@article{wachter2017counterfactual,
	title={Counterfactual {E}xplanations without {O}pening the {B}lack {B}ox: {A}utomated {D}ecisions and the {G}{P}{D}{R}},
	author={Wachter, Sandra and Mittelstadt, Brent and Russell, Chris},
	journal={Harv. JL \& Tech.},
	volume={31},
	pages={841},
	year={2017},
	publisher={HeinOnline},
	note={URL: \url{https://arxiv.org/pdf/1711.00399.pdf}}}

@inproceedings{grad_attr,
 	title={Towards {B}etter {U}nderstanding of {G}radient-based {A}ttribution {M}ethods for {D}eep {N}eural {N}etworks},
 	author={Ancona, Marco and Ceolini, Enea and Oztireli, Cengiz and Gross, Markus},
 	booktitle={6th International Conference on Learning Representations (ICLR 2018)},
 	note={URL: \url{https://www.research-collection.ethz.ch/bitstream/handle/20.500.11850/249929/Flow_ICLR_2018.pdf}},
 	year={2018}}

@article{wallace2019allennlp,
	title={AllenNLP Interpret: A Framework for Explaining Predictions of NLP Models},
	author={Wallace, Eric and Tuyls, Jens and Wang, Junlin and Subramanian, Sanjay and Gardner, Matt and Singh, Sameer},
	journal={arXiv preprint arXiv:1909.09251},
	year={2019},
	note={URL: \url{https://arxiv.org/pdf/1909.09251.pdf}}}

@article{kamiran2012data,
	title={Data {P}reprocessing {T}echniques for {C}lassification {W}ithout {D}iscrimination},
	author={Kamiran, Faisal and Calders, Toon},
	journal={Knowledge and Information Systems},
	volume={33},
	number={1},
	pages={1--33},
	year={2012},
	publisher={Springer},
	note={URL: \url{https://bit.ly/2lH95lQ}}}

@inproceedings{zhang2018mitigating,
	title={Mitigating {U}nwanted {B}iases with {A}dversarial {L}earning},
	author={Zhang, Brian Hu and Lemoine, Blake and Mitchell, Margaret},
	booktitle={Proceedings of the 2018 AAAI/ACM Conference on AI, Ethics, and Society},
	pages={335--340},
	year={2018},
	organization={ACM},
	note={URL: \url{https://arxiv.org/pdf/1801.07593.pdf}}}

@inproceedings{lfr,
	title={Learning {F}air {R}epresentations},
	author={Zemel, Rich and Wu, Yu and Swersky, Kevin and Pitassi, Toni and Dwork, Cynthia},
	booktitle={International Conference on Machine Learning},
	pages={325--333},
	year={2013},
	note={URL: \url{http://proceedings.mlr.press/v28/zemel13.pdf}}}

@inproceedings{kamiran2012decision,
	title={Decision {T}heory for {D}iscrimination-aware {C}lassification},
	author={Kamiran, Faisal and Karim, Asim and Zhang, Xiangliang},
	booktitle={2012 IEEE 12th International Conference on Data Mining},
	pages={924--929},
	year={2012},
	organization={IEEE},
	note={URL: \url{http://citeseerx.ist.psu.edu/viewdoc/download?doi=10.1.1.722.3030&rep=rep1&type=pdf}}}

@article{rauber2017foolbox,
	title={{F}oolbox: {A} {P}ython {T}oolbox to {B}enchmark the {R}obustness of {M}achine {L}earning {M}odels},
	author={Rauber, Jonas and Brendel, Wieland and Bethge, Matthias},
	journal={arXiv preprint arXiv:1707.04131},
	year={2017},
	note={URL: \url{https://arxiv.org/pdf/1707.04131.pdf}}}

@article{papernot2018cleverhans,
	title={{T}echnical {R}eport on the {C}leverHans v2.1.0 {A}dversarial {E}xamples {L}ibrary},
	author={Nicolas Papernot and Fartash Faghri and Nicholas Carlini and
	Ian Goodfellow and Reuben Feinman and Alexey Kurakin and Cihang Xie and
	Yash Sharma and Tom Brown and Aurko Roy and Alexander Matyasko and
	Vahid Behzadan and Karen Hambardzumyan and Zhishuai Zhang and
	Yi-Lin Juang and Zhi Li and Ryan Sheatsley and Abhibhav Garg and
	Jonathan Uesato and Willi Gierke and Yinpeng Dong and David Berthelot and
	Paul Hendricks and Jonas Rauber and Rujun Long},
	journal={arXiv preprint arXiv:1610.00768},
	year={2018},
	note={URL: \url{https://arxiv.org/pdf/1610.00768.pdf}}}

@inproceedings{modeltracker,
	title={Modeltracker: {R}edesigning {P}erformance {A}nalysis {T}ools for {M}achine {L}earning},
	author={Amershi, Saleema and Chickering, Max and Drucker, Steven M. and Lee, Bongshin and Simard, Patrice and Suh, Jina},
 	booktitle={Proceedings of the 33rd Annual ACM Conference on Human Factors in Computing Systems},
 	pages={337--346},
 	year={2015},
 	organization={ACM},
	note={URL: \url{https://www.microsoft.com/en-us/research/wp-content/uploads/2016/02/amershi.CHI2015.ModelTracker.pdf}}}

@inproceedings{papernot2018marauder,
	title={A {M}arauder's {M}ap of {S}ecurity and {P}rivacy in {M}achine {L}earning: {A}n overview of current and future research directions for making machine learning secure and private},
	author={Papernot, Nicolas},
	booktitle={Proceedings of the 11th ACM Workshop on Artificial Intelligence and Security},
	year={2018},
	organization={ACM},
	note={URL: \url{https://arxiv.org/pdf/1811.01134.pdf}}}

@inproceedings{model_cards,
	title={Model {C}ards for {M}odel {R}eporting},
 	author={Mitchell, Margaret and Wu, Simone and Zaldivar, Andrew and Barnes, Parker and Vasserman, Lucy and Hutchinson, Ben and Spitzer, Elena and Raji, Inioluwa Deborah and Gebru, Timnit},
 	booktitle={Proceedings of the Conference on Fairness, Accountability, and Transparency},
 	pages={220--229},
 	year={2019},
 	organization={ACM},
	note={URL: \url{https://arxiv.org/pdf/1810.03993.pdf}}}


@article{bracke2019machine,
	title={Machine {L}earning {E}xplainability in {F}inance: {A}n {A}pplication to {D}efault {R}isk {A}nalysis},
	author={Bracke, Philippe and Datta, Anupam and Jung, Carsten and Sen, Shayak},
	year={2019},
	publisher={Bank of England Working Paper},
	note={URL: \url{https://www.bankofengland.co.uk/-/media/boe/files/working-paper/2019/machine-learning-explainability-in-finance-an-application-to-default-risk-analysis.pdf}}}

@inproceedings{friedler2019comparative,
	title={A {C}omparative {S}tudy of {F}airness-enhancing {I}nterventions in {M}achine {L}earning},
	author={Friedler, Sorelle A. and Scheidegger, Carlos and Venkatasubramanian, Suresh and Choudhary, Sonam and Hamilton, Evan P. and Roth, Derek},
	booktitle={Proceedings of the Conference on Fairness, Accountability, and Transparency},
	pages={329--338},
	year={2019},
	organization={ACM},
	note={URL: \url{https://arxiv.org/pdf/1802.04422.pdf}}}

@article{schmidt2019introduction,
	title={An {I}ntroduction to {A}rtificial {I}ntelligence and {S}olutions to the {P}roblems of {A}lgorithmic {D}iscrimination},
	author={Schmidt, Nicholas and Stephens, Bryce},
	journal={Conference on Consumer Finance Law Quarterly Report},
	volume={73},
	number={2},
	pages={130--144},
	year={2019},
	note={URL: \url{https://arxiv.org/pdf/1911.05755.pdf}}}

@article{hoare19811980,
	title={The 1980 {A}{C}{M} {T}uring {A}ward {L}ecture},
	author={Hoare, Charles Antony Richard},
	journal={Communications},
	year={1981},
	note={URL: \url{http://www.cs.fsu.edu/~engelen/courses/COP4610/hoare.pdf}}}
